
@misc{website:wikibooks-biblio,
      author = "Wikibooks",
      title = "{\LaTeX}/{B}ibliography Management",
      month = "Oktober",
      year = "2013",
      note = "\url{http://en.wikibooks.org/wiki/LaTeX/Bibliography_Management}"
}
