@misc{website:microdrones,
	author = "MICRODRONES GMBH",
	title = "Microdrone-applications: aerial, photography, mapping, surveying, etc",
	year = "2016",
	howpublished = "\url{https://www.microdrones.com/en/applications/}",
	note = "[Geraadpleegd op 30 oktober 2016]"
}

@manual{arcticle:opgavePeno,
	author = "Blockeel, Hendrik and Jacobs, Bart and Nuyens, Dirk",
	title = "Een automatische piloot en virtuele testomgeving voor drones",
	year = "2016",
	month = "3 oktober", 
	}
	
	@manual{arcticle:tssnTijds,
		author = "Vandenriessche, Bram and Vlietinck, Arne and Van der Heyden, Matthias and Versyck, Jef and Vliegen, Vincent and Vranken, Laura",
		title = "P{\&}O: Computerwetenschappen Tussentijds verslag",
		year = "2016",
		month = "9 november", 
	}
	
@misc{website:techbriefs,
	author = "Dinesh Nair",
	title = "A Guide to Stereovision and 3D Imaging",
	year = "1 oktober 2012",
	howpublished = "\url{http://www.techbriefs.com/component/content/article/14925}",
	note = "[Geraadpleegd op 5 oktober 2016]"
	}
	
@misc{website:Amazon,
	author = "Amazon",
	title = "AmazonPrime Air",
	year = "2016",
	howpublished = "\url{https://www.amazon.com/b?node=8037720011}",
	note = "[Geraadpleegd op 30 oktober 2016]"
	}
	
@misc{website:kleinsteKwadraten,
	author = "R. Bullock",
	title = "Least-Squares Circle Fit",
	year = "2006",
	howpublished = "\url{http://www.dtcenter.org/met/users/docs/write_ups/circle_fit.pdf}",
	note = "[Geraadpleegd op 10 oktober 2016]"
}
	
@misc{website:PIDController,
	author = "National Instruments",
	title = "PID Theory Explained",
	year = "2011",
	howpublished = "\url{http://www.ni.com/white-paper/3782/en/}",
	note = "[Geraadpleegd op 21 november 2016]"
}


@misc{website:assenstelsel,
	author = "Song Ho Ahn",
	title = "OpenGL Angles to Axes",
	year = "2015",
	howpublished = "\url{http://www.songho.ca/opengl/gl_anglestoaxes.html}",
	note = "[Geraadpleegd op 10 oktober 2016]"
}	
	
	