@misc{website:microdrones,
	author = "MICRODRONES GMBH",
	title = "Microdrone-applications: aerial, photography, mapping, surveying, etc",
	year = "2016",
	howpublished = "\url{https://www.microdrones.com/en/applications/}",
	note = "[Geraadpleegd op 30 oktober 2016]"
}

@manual{arcticle:opgavePeno,
	author = "Blockeel, Hendrik and Jacobs, Bart and Nuyens, Dirk",
	title = "Een automatische piloot en virtuele testomgeving voor drones",
	year = "2016",
	month = "3 oktober", 
	}
	
@misc{website:techbriefs,
	author = "Dinesh Nair",
	title = "A Guide to Stereovision and 3D Imaging",
	year = "1 oktober 2012",
	howpublished = "\url{http://www.techbriefs.com/component/content/article/14925}",
	note = "[Geraadpleegd op 5 oktober 2016]"
	}`
	
@misc{website:Amazon,
	author = "Amazon",
	title = "AmazonPrime Air",
	year = "2016",
	howpublished = "\url{https://www.amazon.com/b?node=8037720011}",
	note = "[Geraadpleegd op 30 oktober 2016]"
	}
    
@misc{website:Rodrigues,
	author = "Belongie, Serge",
	title = "Rodrigues' Rotation Formula",
	year = "",
	howpublished = "\url{http://mathworld.wolfram.com/RodriguesRotationFormula.html}",
	note = "[Geraadpleegd op 21 maart 2017]"
	}
	
@misc{website:kleinsteKwadraten,
	author = "R. Bullock",
	title = "Least-Squares Circle Fit",
	year = "2006",
	howpublished = "\url{http://www.dtcenter.org/met/users/docs/write_ups/circle_fit.pdf}",
	note = "[Geraadpleegd op 10 oktober 2016]"
	}
	
@misc{website:barycentric-coordinates,
	author = "Scratchapixel",
	title = "Ray Tracing: Rendering a Triangle",
	year = "2016",
	howpublished = "\url{https://www.scratchapixel.com/lessons/3d-basic-rendering/ray-tracing-rendering-a-triangle/barycentric-coordinates}",
	note = "[Geraadpleegd op 27 februari 2017]"
	}